<record><leader>00000cas a22000007a 4500</leader><controlfield tag="001">16626135</controlfield><controlfield tag="008">870901d19251929inuwr ne      0    0eng d</controlfield><datafield ind1=" " ind2=" " tag="010"><subfield code="a">sn 87056497 </subfield></datafield><datafield ind1=" " ind2=" " tag="040"><subfield code="a">NPI</subfield><subfield code="b">eng</subfield><subfield code="c">NPI</subfield><subfield code="d">OCLCQ</subfield></datafield><datafield ind1=" " ind2=" " tag="042"><subfield code="a">msc</subfield></datafield><datafield ind1="0" ind2=" " tag="130"><subfield code="a">Sun (Gary, Ind.)</subfield></datafield><datafield ind1="1" ind2="4" tag="245"><subfield code="a">The sun.</subfield></datafield><datafield ind1=" " ind2=" " tag="260"><subfield code="a">Gary, Ind. :</subfield><subfield code="b">Bagby &amp; Dunlap,</subfield><subfield code="c">1925-</subfield></datafield><datafield ind1=" " ind2=" " tag="310"><subfield code="a">Weekly</subfield></datafield><datafield ind1="0" ind2=" " tag="362"><subfield code="a">Vol. 29, no. 29 (July 10, 1925)-</subfield></datafield><datafield ind1="1" ind2=" " tag="362"><subfield code="a">Ceased in Mar. 1929.</subfield></datafield><datafield ind1=" " ind2=" " tag="752"><subfield code="a">United States</subfield><subfield code="b">Indiana</subfield><subfield code="c">Lake</subfield><subfield code="d">Gary.</subfield></datafield><datafield ind1="0" ind2="0" tag="780"><subfield code="t">Gary sun (Gary, Ind. : 1923)</subfield><subfield code="w">(DLC)sn 87056403</subfield></datafield><datafield ind1="0" ind2="0" tag="785"><subfield code="t">Gary sun (Gary, Ind. : 1929)</subfield><subfield code="w">(DLC)sn 87056498</subfield></datafield></record>